@article{al2020agile,
  title={Agile software development: Methodologies and trends.},
  author={Al-Saqqa, Samar and Sawalha, Samer and AbdelNabi, Hiba},
  journal={International Journal of Interactive Mobile Technologies},
  volume={14},
  number={11},
  year={2020}
}

@article{zhang2010software,
  title={Software development methodologies, trends, and implications},
  author={Zhang, Xihui and Hu, Tao and Dai, Hua and Li, Xiang},
  year={2010}
}

@inproceedings{fitzgerald2014continuous,
  title={Continuous software engineering and beyond: trends and challenges},
  author={Fitzgerald, Brian and Stol, Klaas-Jan},
  booktitle={Proceedings of the 1st International Workshop on rapid continuous software engineering},
  pages={1--9},
  year={2014}
}

@article{maximilien2012facts,
  title={Facts, trends and challenges in modern software development},
  author={Maximilien, E Michael and Campos, Pedro},
  journal={International Journal of Agile and Extreme Software Development},
  volume={1},
  number={1},
  pages={1--5},
  year={2012},
  publisher={Inderscience Publishers Ltd}
}

@article{chakravaram2021emerging,
  title={Emerging trends in information technology and its impact on business organizations},
  author={Chakravaram, Venkamaraju and Bhagavatham, Hari Krishna and Jangirala, Srinivas and Ratnakaram, Sunitha},
  journal={Soft Computing for Problem Solving: Proceedings of SocProS 2020, Volume 1},
  pages={485--497},
  year={2021},
  publisher={Springer}
}

@article{feuerlicht2010impact,
  title={Impact of cloud computing: beyond a technology trend},
  author={Feuerlicht, George and Govardhan, Shyam},
  journal={Systems integration},
  volume={2},
  year={2010}
}

@inproceedings{garzaniti2019effectiveness,
  title={Effectiveness of the scrum methodology for agile development of space hardware},
  author={Garzaniti, Nicola and Briatore, Simone and Fortin, Cl{\'e}ment and Golkar, Alessandro},
  booktitle={2019 IEEE Aerospace Conference},
  pages={1--8},
  year={2019},
  organization={IEEE}
}

@article{haseeb2019role,
  title={Role of social and technological challenges in achieving a sustainable competitive advantage and sustainable business performance},
  author={Haseeb, Muhammad and Hussain, Hafezali Iqbal and Kot, Sebastian and Androniceanu, Armenia and Jermsittiparsert, Kittisak},
  journal={Sustainability},
  volume={11},
  number={14},
  pages={3811},
  year={2019},
  publisher={MDPI}
}
